@misc{Arduino,
	author = {Arduino},
	title = {What is Arduino?},
	month = {February},
	year = {2018},
	note = {https://www.arduino.cc/},
}